[gd_scene load_steps=11 format=3 uid="uid://nhejxit2kwql"]

[ext_resource type="Script" path="res://entity/cauldron.gd" id="1_fktpl"]
[ext_resource type="Texture2D" uid="uid://3e2vkuofevod" path="res://assets/entity/cauldron/cauldron0000.png" id="2_bswmm"]
[ext_resource type="Texture2D" uid="uid://8uxwfm4ny8sk" path="res://assets/entity/cauldron/cauldron0001.png" id="3_ittfq"]
[ext_resource type="Texture2D" uid="uid://mnaru4jkmapt" path="res://assets/entity/cauldron/cauldron0002.png" id="4_hla3a"]
[ext_resource type="Texture2D" uid="uid://df7f26bhjs6ax" path="res://assets/entity/cauldron/cauldron0003.png" id="5_7qbtw"]
[ext_resource type="AudioStream" uid="uid://cj8gylh6uhlkb" path="res://assets/sfx/cauldron.wav" id="6_l5o5m"]
[ext_resource type="AudioStream" uid="uid://ov37oxmrt3l4" path="res://assets/sfx/brewPotion.mp3" id="7_w8btr"]

[sub_resource type="SpriteFrames" id="SpriteFrames_663lj"]
animations = [{
"frames": [{
"duration": 1.0,
"texture": ExtResource("2_bswmm")
}, {
"duration": 1.0,
"texture": ExtResource("3_ittfq")
}, {
"duration": 1.0,
"texture": ExtResource("4_hla3a")
}, {
"duration": 1.0,
"texture": ExtResource("5_7qbtw")
}],
"loop": true,
"name": &"default",
"speed": 5.0
}]

[sub_resource type="CircleShape2D" id="CircleShape2D_fl644"]
radius = 33.0

[sub_resource type="CircleShape2D" id="CircleShape2D_l6g3u"]
radius = 21.0

[node name="Cauldron" type="StaticBody2D"]
z_index = 1
y_sort_enabled = true
script = ExtResource("1_fktpl")

[node name="CauldronAnimation" type="AnimatedSprite2D" parent="."]
sprite_frames = SubResource("SpriteFrames_663lj")
frame_progress = 0.0679103

[node name="CauldronProgressBar" type="ProgressBar" parent="."]
visible = false
anchors_preset = 10
anchor_right = 1.0
offset_left = -19.0
offset_top = -25.0
offset_right = 19.0
offset_bottom = -21.0
grow_horizontal = 2
show_percentage = false

[node name="CauldronTimer" type="Timer" parent="."]
wait_time = 0.05

[node name="CauldronArea" type="Area2D" parent="."]

[node name="CollisionShape2D" type="CollisionShape2D" parent="CauldronArea"]
position = Vector2(0, 5)
shape = SubResource("CircleShape2D_fl644")
debug_color = Color(0.923142, 0.191644, 0.504358, 0.42)

[node name="CollisionShape2D" type="CollisionShape2D" parent="."]
position = Vector2(0, 5)
shape = SubResource("CircleShape2D_l6g3u")

[node name="AudioStreamPlayer2D" type="AudioStreamPlayer2D" parent="."]
stream = ExtResource("6_l5o5m")
autoplay = true
max_distance = 200.0

[node name="AudioStreamPlayer2D2" type="AudioStreamPlayer2D" parent="."]
stream = ExtResource("7_w8btr")
max_distance = 200.0

[connection signal="timeout" from="CauldronTimer" to="." method="_on_timer_timeout"]
[connection signal="body_entered" from="CauldronArea" to="." method="_on_cauldron_area_body_entered"]
[connection signal="body_exited" from="CauldronArea" to="." method="_on_cauldron_area_body_exited"]
